@article{freund2003predicting,
  title={Predicting a binary sequence almost as well as the optimal biased coin},
  author={Freund, Yoav},
  journal={Information and Computation},
  volume={182},
  number={2},
  pages={73--94},
  year={2003},
  publisher={Elsevier}
}

@inproceedings{freund1996game,
  title={Game theory, on-line prediction and boosting},
  author={Freund, Yoav and Schapire, Robert E},
  booktitle={Proceedings of the ninth annual conference on Computational learning theory},
  pages={325--332},
  year={1996}
}