@article{oakes1985self,
  title     = {Self-calibrating priors do not exist},
  author    = {Oakes, David},
  journal   = {Journal of the American Statistical Association},
  volume    = {80},
  number    = {390},
  pages     = {339--339},
  year      = {1985},
  publisher = {Taylor \& Francis}
}