@article{parrado2012pac,
  title     = {PAC-Bayes bounds with data dependent priors},
  author    = {Parrado-Hern{\'a}ndez, Emilio and Ambroladze, Amiran and Shawe-Taylor, John and Sun, Shiliang},
  journal   = {The Journal of Machine Learning Research},
  volume    = {13},
  number    = {1},
  pages     = {3507--3531},
  year      = {2012},
  publisher = {JMLR. org}
}
